@article{DBLP:journals/corr/RenHG015,
  author    = {Shaoqing Ren and
               Kaiming He and
               Ross B. Girshick and
               Jian Sun},
  title     = {Faster {R-CNN:} Towards Real-Time Object Detection with Region Proposal
               Networks},
  journal   = {CoRR},
  volume    = {abs/1506.01497},
  year      = {2015},
  url       = {http://arxiv.org/abs/1506.01497},

}

@article{DBLP:journals/corr/abs-1708-02002,
  author    = {Tsung{-}Yi Lin and
               Priya Goyal and
               Ross B. Girshick and
               Kaiming He and
               Piotr Doll{\'{a}}r},
  title     = {Focal Loss for Dense Object Detection},
  journal   = {CoRR},
  volume    = {abs/1708.02002},
  year      = {2017},
  url       = {http://arxiv.org/abs/1708.02002},
}

@article{DBLP:journals/corr/LinDGHHB16,
  author    = {Tsung{-}Yi Lin and
               Piotr Doll{\'{a}}r and
               Ross B. Girshick and
               Kaiming He and
               Bharath Hariharan and
               Serge J. Belongie},
  title     = {Feature Pyramid Networks for Object Detection},
  journal   = {CoRR},
  volume    = {abs/1612.03144},
  year      = {2016},
  url       = {http://arxiv.org/abs/1612.03144},
  

}

